<?xml version="1.0" encoding="UTF-8"?><collection xmlns="http://www.loc.gov/MARC21/slim"><record><leader>00590nam--2200181-i-4500</leader><controlfield tag="001">000002404</controlfield><controlfield tag="002">20161230</controlfield><controlfield tag="005">20170130155816</controlfield><controlfield tag="008">060222s1000------------r-----000-0-eng-d</controlfield><datafield ind1=" " ind2=" " tag="040"><subfield code="a">IFIN-HH</subfield></datafield><datafield ind1=" " ind2=" " tag="080"><subfield code="a">53:531.536:538.3:530.145.6</subfield></datafield><datafield ind1="1" ind2=" " tag="100"><subfield code="a">Feynman, Richard P</subfield></datafield><datafield ind1="1" ind2="0" tag="245"><subfield code="a">The Feynman Lectures on Physics. Vol.1. Mainly Mechanics, Radiation and Heat</subfield><subfield code="c">Richard P. Feynman, Robert B. Leighton, Matthew Sands</subfield></datafield><datafield ind1=" " ind2=" " tag="260"><subfield code="a">Reading, Massachusetts</subfield><subfield code="b">Addison-Wesley Publ. Co</subfield><subfield code="c">1964</subfield></datafield><datafield ind1=" " ind2=" " tag="300"><subfield code="a">/PAG.DIF.</subfield></datafield><datafield ind1="1" ind2=" " tag="700"><subfield code="a">Sands, Matthew</subfield></datafield><datafield ind1=" " ind2=" " tag="852"><subfield code="a">21150</subfield><subfield code="c">53</subfield></datafield><datafield ind1=" " ind2=" " tag="CAT"><subfield code="a">SYS</subfield><subfield code="c">20170130</subfield><subfield code="h">155816</subfield></datafield></record></collection>